/Users/maxi/Documents/Reading Uni [PG]/Documents/Papers/Bibliography/library.bib